@phdthesis{wpx,
  title={零膨胀模型及检验方法的比较研究},
  author={王平鲜},
  school={贵州民族大学},
  year={2017},
}

@article{lambert1992zero,
  title={Zero-inflated Poisson regression, with an application to defects in manufacturing},
  author={Lambert, Diane},
  journal={Technometrics},
  volume={34},
  number={1},
  pages={1--14},
  year={1992},
  publisher={Taylor \& Francis}
}

@inproceedings{ridout1998models,
  title={Models for count data with many zeros},
  author={Ridout, Martin and Dem{\'e}trio, Clarice GB and Hinde, John},
  booktitle={Proceedings of the XIXth international biometric conference},
  volume={19},
  number={19},
  pages={179--192},
  year={1998},
  organization={International Biometric Society Invited Papers. Cape Town, South Africa}
}

@phdthesis{wangbing,
  title={零_K膨胀泊松模型及其应用},
  author={王冰},
  year={2018},
  school={辽宁师范大学},
}

@book{bilder2014analysis,
  title={Analysis of categorical data with R},
  author={Bilder, Christopher R and Loughin, Thomas M},
  year={2014},
  publisher={Chapman and Hall/CRC}
}

@article{tauber1996life,
  title={Life history of Galerucella nymphaeae and implications of reproductive diapause for rearing univoltine chrysomelids},
  author={Tauber, Maurice J and Tauber, Catherine A and Nechols, James R},
  journal={Physiological Entomology},
  volume={21},
  number={4},
  pages={317--324},
  year={1996},
  publisher={Wiley Online Library}
}